@Misc{yaafe,
  title =  {Yaafe, an Easy to Use and Efficient Audio Feature Extraction
  Software},
  author =   {B.Mathieu, S.Essid, T.Fillon, J.Prado, G.Richard},
  journal =    {proceedings of the 11th ISMIR conference, Utrecht, Netherlands},
  year =   2010,
  howpublished = {\url{http://yaafe.sourceforge.net}},
  key = {Yaafe}
}


@Book{Speechcomm,
  author =	 {Douglas O'Shaughnessy},
  title = 	 {Speech communication: human and machine},
  publisher = 	 {Addison-Wesley Pub. Co.},
  year = 	 1987,
  pages =  {150}

}


@Article{Essid,
  author = 	 {Slim Essid and Gaël Richard},
  title = 	 {Musical Instrument Recognition by Pairwise Classification Strategies},
  journal = 	 {IEEE Transactions on Audio, Speech, and Language Processing},
  volume = {14},
  number = {4},
  year = 	 2006,
  pages =	 {1403}
}

@InProceedings{LiChan,
  author =   {Tom LH. Li and Antoni B. Chan},
  title =    {Genre classification and the invariance of MFCC features to Key and Tempo},
  booktitle =  {International Conference on MultiMedia Modeling},
  pages =  {32-34},
  year =   2011,
}


@InProceedings{Oppenheim,
  author =   {Alan V. Oppenheim and George C. Verghese},
  title =    {Signals, Systems, and Inference},
  publisher =    {Massachusetts Institute of Technology},
  year =   2010,
  pages =  {150}

}


@MastersThesis{Eronen,
    author     =     {Antti Eronen},
    title     =     {Automatic Musical Instrument Recognition},
    school     =     {Tampere University of Technology},
    address     =     {Tampere},
    year     =     2001
}


@Misc{ChiRussel-web,
  author =           {Peter Chi and C. T. Russell},
  title =             {Statistical Methods for Data Analysis in Space Physics},
  howpublished =      {\url{http://www-ssc.igpp.ucla.edu/personnel/russell/ESS265/Ch9/autoreg/node14.html}},
  year = 1999
}


@Article{JohnsonSinaovic,
  author =   {Don H. Johnson and Sinan Sinanovi\'{c}},
  title =    {Symmetrizing the Kullback-Leibler distance},
  journal =    {IEEE Transactions on Audio, Speech, and Language Processing},
  school =    {Computer and Information Technology Institute},
  address =   {Houston, TX},
  year =   2000,
}


@MastersThesis{MaggbladeHongKao,
  author =       {Michael Haggblade, Yang Hong, and Kenny Kao},
  type =         {Undergraduate Honors Thesis},
  school =       {Stanford University},
  title =        {Music Genre Classification},
}

@Book{Rudin,
  author =      {Walter Rudin},
  title =       {Principles of Mathematical Analysis},
  publisher =   {McGraw-Hill},
  year =        {1976},
  pages =       {151},
  edition =  {third}
}


@Article{Sing,
  author =   {Kehar Singh, Dimple Malik, and Naveen Sharma},
  title =    {Evolving limitations in K-means algorithm in data mining and their removal},
  journal =    {IJCEM International Journal of Computational Engineering and Management},
  volume = {12},
  year =   2011,
  month = {April},
  pages =  {105-109}
}


@Misc{glynn,
  title =   {Correlation "Distances" and Hierarchical Clustering},
  author =    {Earl F. Glynn},
  howpublished = {\url{http://research.stowers-institute.org/mcm/efg/R/Visualization/cor-cluster/index.htm}},
  school =   {Stowers Institute for Medical Research},
  journal =    {Insanity International},
  year =   2005,
}

@Book{Meyer,
  author =      {Carl D. Meyer},
  title =       {Matrix Analysis and Applied Linear Algebra},
  publisher =   {Society for Industrial and Applied Mathematics},
  year =        2001,
  pages =       {274},
  edition =  {first}
}


@MArticle{pvclust,
  author =  {Ryota Suzuki and Hidetoshi Shimodaira},
  title =  {Pvclust: an R package for assessing the uncertainty in hierarchical clustering},
  howpublished = {\url{svitsrv25.epfl.ch/R-doc/library/pvclust/html/pvclust.html}},
  year =      {2006},
}


@Article{Zerbst,
  author =   {Matthias Zerbst and Lars Tschiersch},
  title =    {The Concentration Centroid Minimum Distance Clustering Criterion},
  school =    {University of Dortmund},
  address =   {Germany},
  year =   2002,
}


@Article{KumarErtoz,
  author =   {Michael Steinbach, Levent Ertöz, and Vipin Kumar},
  title =    {The Challenges of Clustering High Dimensional Data},
  school =    {University of Minnesota},
  year =   2004,
}


@Misc{SemiSupPNorm,
  title =   {Finding the Minkowski Exponent in MWK-Means (Semi-Sup)},
  author =    {Renato Cordeiro de Amorim},
  howpublished = {\url{http://renatocamorim.com/2012/11/29/}},
  year =   2012,
  month = {November},
}

@Misc{MinkWeightedK,
  title =   {Minkowski Weighted K-Means},
  author =    {Renato Cordeiro de Amorim},
  howpublished = {\url{http://renatocamorim.com/2012/11/21/minkowski-weighted-k-means/}},
  year =   2012,
  month = {November},
}


@Misc{OpenPathMusic,
  title =   {The OpenPath Music Custom Sample Library},
  author =    {OpenPathMusic},
  howpublished = {\url{https://archive.org/details/OpenPathMusic44V1}},
}


@Article{OutlierRemoval,
  author =   {Ville Hautama ̈ki, Svetlana Cherednichenko, Ismo Ka ̈rkka ̈inen, Tomi Kinnunen, and Pasi Fr\"{a}nti},
  title =    {Improving K-Means by Outlier Removal},
  school =    {University of Joensuu},
  address =   {Joensuu, Finland},
  year =   2005,
}


@Article{Marghny,
  author =   {M. H. Marghny and Ahmed I. Taloba},
  title =    {Outlier Detection using Improved Genetic K-means},
  journal =    {International Journal of Computer Applications},
  volume = {28},
  number = {11},
  year =   2011,
  month =  {August},
  pages =  {33- 36}
}


@Article{KMeans++,
  author =   {Bahman Bahmani, Benjamin Moseley, Andrea Vattani, Ravi Kumar, and Sergei Vassilvitskii},
  title =    {Scalable K-Means++},
  school =    {Stanford University},
  address =   {Joensuu, Finland},
  year =   2012,
}


@Unpublished{ParallelK,
  author =           {Ajay Padoor Chandramohan},
  title =             {Parallel K-means Clustering},
  howpublished =      {\url{http://www.cse.buffalo.edu/faculty/miller/Courses/CSE633/Chandramohan-Fall-2012-CSE633.pdf}},
  year = 2012
}


@Article{MeanShift, 
author={Yizong Cheng}, 
journal={IEEE Transactions on Pattern Analysis and Machine Intelligence}, 
title={Mean shift, mode seeking, and clustering}, 
year={1995}, 
month={Aug}, 
volume={17}, 
number={8}, 
pages={790-799}
}


@Inproceedings{Bertin-Mahieux2011,
  author = {Thierry Bertin-Mahieux and Daniel P.W. Ellis and Brian Whitman and Paul Lamere},
  title = {The Million Song Dataset},
  booktitle = {Proceedings of the 12th International Conference on Music Information},
  year = {2011}
}

@Article{DBSCAN, 
author={Walter Nordstr\"{o}m and Jacob Hakansson}, 
title={Finding Clusters of Similar Artists - Analysis of DBSCAN and K-means Clustering}, 
year={2012}, 
school = {Royal Institute of Technology},
month={April}, 
}




